@MISC{Schwarzova_undated-cm,
  title        = "Predicting airbnb prices with neighborhood characteristics:
                  Machine learning approach",
  booktitle    = "Uvt.nl",
  author       = "Schwarzov{\'a}, Lucie and Satsangi, Yash and Vanmassenhove,
                  Eva",
  note         = "Accessed: 2023-3-18"
}

@MISC{Schwarzova2020-ud,
  title        = "Predicting Airbnb Prices with Neighborhood Characteristics:
                  Machine Learning Approach",
  booktitle    = "Tilburg University School of Humanities and Digital Sciences
                  Department of Cognitive Science \& Artificial Intelligence
                  Tilburg, The Netherlands",
  author       = "Schwarzov{\'a}, Lucie",
  month        =  dec,
  year         =  2020,
  note         = "Accessed: 2023-3-18"
}

@MISC{Kalehbasti2020-sk,
  title        = "Airbnb Price Prediction Using Machine Learning andSentiment
                  Analysis",
  booktitle    = "Stanford University",
  author       = "Kalehbasti, Pouya Rezazadeh and Nikolenko, Liubov and Rezaei,
                  Hoormazd",
  year         =  2020,
  note         = "Accessed: 2023-3-18"
}
