@MISC{Schwarzova_undated-cm,
  title        = "Predicting airbnb prices with neighborhood characteristics:
                  Machine learning approach",
  booktitle    = "Uvt.nl",
  author       = "Schwarzov{\'a}, Lucie and Satsangi, Yash and Vanmassenhove,
                  Eva",
  howpublished = "\url{http://arno.uvt.nl/show.cgi?fid=156281}",
  note         = "Accessed: 2023-3-18"
}

@MISC{Schwarzova2020-ud,
  title        = "Predicting Airbnb Prices with Neighborhood Characteristics:
                  Machine Learning Approach",
  booktitle    = "Tilburg University School of Humanities and Digital Sciences
                  Department of Cognitive Science \& Artificial Intelligence
                  Tilburg, The Netherlands",
  author       = "Schwarzov{\'a}, Lucie",
  month        =  dec,
  year         =  2020,
  howpublished = "\url{https://escholarship.org/content/qt4x28127g/qt4x28127g_noSplash_f792aead22e835be56acb36696a4ceef.pdf?t=qq9jkf}",
  note         = "Accessed: 2023-3-18"
}

@MISC{Kalehbasti2020-sk,
  title        = "Airbnb Price Prediction Using Machine Learning andSentiment
                  Analysis",
  booktitle    = "Stanford University",
  author       = "Kalehbasti, Pouya Rezazadeh and Nikolenko, Liubov and Rezaei,
                  Hoormazd",
  year         =  2020,
  howpublished = "\url{https://www.researchgate.net/publication/334783073_Airbnb_Price_Prediction_Using_Machine_Learning_and_Sentiment_Analysis}",
  note         = "Accessed: 2023-3-18"
}
