@MISC{Schwarzova_undated-cm,
  title        = "Predicting airbnb prices with neighborhood characteristics:
                  Machine learning approach",
  booktitle    = "Uvt.nl",
  author       = "Schwarzov{\'a}, Lucie and Satsangi, Yash and Vanmassenhove,
                  Eva",
  note         = "Accessed: 2023-3-18"
}

@MISC{Schwarzova2020-ud,
  title        = "Predicting Airbnb Prices with Neighborhood Characteristics:
                  Machine Learning Approach",
  booktitle    = "Tilburg University School of Humanities and Digital Sciences
                  Department of Cognitive Science \& Artificial Intelligence
                  Tilburg, The Netherlands",
  author       = "Schwarzov{\'a}, Lucie",
  month        =  dec,
  year         =  2020,
  note         = "Accessed: 2023-3-18"
}

@MISC{Kalehbasti2020-sk,
  title        = "Airbnb Price Prediction Using Machine Learning andSentiment
                  Analysis",
  booktitle    = "Stanford University",
  author       = "Kalehbasti, Pouya Rezazadeh and Nikolenko, Liubov and Rezaei,
                  Hoormazd",
  year         =  2020,
  note         = "Accessed: 2023-3-18"
}

@MISC{Hyu2016,
  title        = "Real estate price prediction with regression and classiÔ¨Åcation",
  booktitle    = "CS229 Machine Learning",
  author       = "H. Yu and J. Wu",
  year         =  2016,
  note         = "Accessed: 2023-3-18"
}

@MISC{Y2018,
  title        = "Estimating warehouse rental price using machinelearning techniques.",
  booktitle    = "Journal of Computers, Communications and Control",
  author       = "Y. Ma, and Z. Zhang, A. Ihler and B. Pan",
  year         =  2018,
  note         = "Accessed: 2023-3-18"
}

@MISC{DWang2018,
  title        = "Price determinants of sharing economy based accommodationrental: A study of listings from 33 cities on airbnb. com",
  booktitle    = "International Journal of HospitalityManagement, vol. 62, pp. 120 a 131",
  author       = "D. Wang and J. L. Nicolau",
  year         =  2018,
  note         = "Accessed: 2023-3-18"
}